<record><leader>00000cas a2200000Ma 4500</leader><controlfield tag="001">173882204</controlfield><controlfield tag="007">hd afb---buca</controlfield><controlfield tag="008">950815d18591860njuwr nea     0    0eng d</controlfield><datafield ind1=" " ind2=" " tag="010"><subfield code="a">sn 93060952 </subfield></datafield><datafield ind1=" " ind2=" " tag="040"><subfield code="a">NJR</subfield><subfield code="b">eng</subfield><subfield code="c">NJR</subfield><subfield code="d">OCLCF</subfield><subfield code="d">OCLCO</subfield><subfield code="d">OCLCQ</subfield><subfield code="d">OCLCO</subfield></datafield><datafield ind1=" " ind2=" " tag="043"><subfield code="a">n-us-nj</subfield></datafield><datafield ind1="0" ind2="0" tag="245"><subfield code="a">Perth Amboy Democrat.</subfield></datafield><datafield ind1=" " ind2=" " tag="260"><subfield code="a">Perth Amboy, N.J. :</subfield><subfield code="b">Charles A. Hunter</subfield></datafield><datafield ind1=" " ind2=" " tag="300"><subfield code="a">volumes</subfield></datafield><datafield ind1=" " ind2=" " tag="310"><subfield code="a">Weekly</subfield></datafield><datafield ind1=" " ind2=" " tag="336"><subfield code="a">text</subfield><subfield code="b">txt</subfield><subfield code="2">rdacontent</subfield></datafield><datafield ind1=" " ind2=" " tag="337"><subfield code="a">microform</subfield><subfield code="b">h</subfield><subfield code="2">rdamedia</subfield></datafield><datafield ind1=" " ind2=" " tag="338"><subfield code="a">microfilm reel</subfield><subfield code="b">hd</subfield><subfield code="2">rdacarrier</subfield></datafield><datafield ind1="0" ind2=" " tag="362"><subfield code="a">Vol. 1, no. 1 (July 28, 1859)-v. 1, no. 30 (Feb. 16, 1860).</subfield></datafield><datafield ind1=" " ind2=" " tag="533"><subfield code="a">Microfilm.</subfield><subfield code="b">[Ewing Township, N.J.] :</subfield><subfield code="c">New Jersey State Archives, New Jersey Dept. of State.</subfield><subfield code="e">microfilm reels ; 35 mm.</subfield></datafield><datafield ind1=" " ind2="0" tag="651"><subfield code="a">Perth Amboy (N.J.)</subfield><subfield code="v">Newspapers.</subfield></datafield><datafield ind1=" " ind2="7" tag="651"><subfield code="a">New Jersey</subfield><subfield code="z">Perth Amboy.</subfield><subfield code="2">fast</subfield><subfield code="0">(OCoLC)fst01220773</subfield></datafield><datafield ind1=" " ind2="7" tag="655"><subfield code="a">Newspapers.</subfield><subfield code="2">fast</subfield><subfield code="0">(OCoLC)fst01423814</subfield></datafield><datafield ind1=" " ind2=" " tag="752"><subfield code="a">United States</subfield><subfield code="b">New Jersey</subfield><subfield code="c">Middlesex</subfield><subfield code="d">Perth Amboy.</subfield></datafield></record>